@ARTICLE{Timing,
   author = {{Li}, Y.-S. and {White}, S.~D.~M.},
    title = "{Masses for the Local Group and the Milky Way}",
  journal = {\mnras},
archivePrefix = "arXiv",
   eprint = {0710.3740},
 keywords = {Galaxy: formation , galaxies: kinematics and dynamics , Local Group , dark matter},
     year = 2008,
    month = mar,
   volume = 384,
    pages = {1459-1468},
      doi = {10.1111/j.1365-2966.2007.12748.x},
   adsurl = {http://adsabs.harvard.edu/abs/2008MNRAS.384.1459L},
  adsnote = {Provided by the SAO/NASA Astrophysics Data System}
}





@article{VdM08,
  title={M31 transverse velocity and local group mass from satellite kinematics},
  author={van der Marel, Roeland P and Guhathakurta, Puragra},
  journal={The Astrophysical Journal},
  volume={678},
  number={1},
  pages={187},
  year={2008},
  publisher={IOP Publishing}
}
@article{poleski2013,
  title={Transformation of the equatorial proper motion to the Galactic system},
  author={Poleski, Rados{\l}aw},
  journal={arXiv preprint arXiv:1306.2945},
  year={2013}
}

@article{vdm12m31,
  title={The M31 velocity vector. II. Radial orbit toward the milky way and implied local group mass},
  author={Van der Marel, Roeland P and Fardal, Mark and Besla, Gurtina and Beaton, Rachael L and Sohn, Sangmo Tony and Anderson, Jay and Brown, Tom and Guhathakurta, Puragra},
  journal={The Astrophysical Journal},
  volume={753},
  number={1},
  pages={8},
  year={2012},
  publisher={IOP Publishing}
}

@article{schonrich2010local,
  title={Local kinematics and the local standard of rest},
  author={Sch{\"o}nrich, Ralph and Binney, James and Dehnen, Walter},
  journal={Monthly Notices of the Royal Astronomical Society},
  volume={403},
  number={4},
  pages={1829--1833},
  year={2010},
  publisher={Oxford University Press}
}

@article{busha2011mass,
  title={The mass distribution and assembly of the Milky Way from the properties of the Magellanic clouds},
  author={Busha, Michael T and Marshall, Philip J and Wechsler, Risa H and Klypin, Anatoly and Primack, Joel},
  journal={The Astrophysical Journal},
  volume={743},
  number={1},
  pages={40},
  year={2011},
  publisher={IOP Publishing}
}
@article{xue2008,
  title={The Milky Way's Circular Velocity Curve to 60 kpc and an Estimate of the Dark Matter Halo Mass from the Kinematics of\~{} 2400 SDSS Blue Horizontal-Branch Stars},
  author={Xue, XX and Rix, HW and Zhao, G and Fiorentin, P Re and Naab, T and Steinmetz, M and Van den Bosch, FC and Beers, TC and Lee, YS and Bell, EF and others},
  journal={The Astrophysical Journal},
  volume={684},
  number={2},
  pages={1143},
  year={2008},
  publisher={IOP Publishing}
}



@article{watkins2010,
  title={The masses of the Milky Way and Andromeda galaxies},
  author={Watkins, Laura L and Evans, N Wyn and An, Jin H},
  journal={Monthly Notices of the Royal Astronomical Society},
  volume={406},
  number={1},
  pages={264--278},
  year={2010},
  publisher={Oxford University Press}
}



@article{Bolshoi,
  title={The MultiDark database: release of the Bolshoi and MultiDark cosmological simulations},
  author={Riebe, Kristin and Partl, Adrian M and Enke, Harry and Forero-Romero, Jaime and Gottloeber, Stefan and Klypin, Anatoly and Lemson, Gerard and Prada, Francisco and Primack, Joel R and Steinmetz, Matthias and others},
  journal={Astronomische Nachrichten},
  volume={334},
  number={7},
  pages={691--708},
  year={2013},
  publisher={Wiley Online Library}
}

@article{gonzalez2014mass,
  title={On the mass of the Local Group},
  author={Gonz{\'a}lez, Roberto E and Kravtsov, Andrey V and Gnedin, Nickolay Y},
  journal={The Astrophysical Journal},
  volume={793},
  number={2},
  pages={91},
  year={2014},
  publisher={IOP Publishing}
}

@book{imp_book,
  author    = {David Mackay}, 
  title     = {Information Theory, Inference, and Learning Algorithms},
  publisher = {Cambridge University Press},
  year      = 2003,
}


@article{van2002new,
  title={New understanding of large magellanic cloud structure, dynamics, and orbit from carbon star kinematics},
  author={van der Marel, Roeland P and Alves, David R and Hardy, Eduardo and Suntzeff, Nicholas B},
  journal={The Astronomical Journal},
  volume={124},
  number={5},
  pages={2639},
  year={2002},
  publisher={IOP Publishing}
}
@article{mcmillan2011mass,
  title={Mass models of the Milky Way},
  author={McMillan, Paul J},
  journal={Monthly Notices of the Royal Astronomical Society},
  volume={414},
  number={3},
  pages={2446--2457},
  year={2011},
  publisher={Oxford University Press}
}

@ARTICLE{m33_mass,
	author = {{Seigar}, M.~S.},
	title = "{The Dark Matter Halo Density Profile, Spiral Arm Morphology, and Supermassive Black Hole Mass of M33}",
	journal = {ISRN Astronomy and Astrophysics, vol.~2011, id.\#725697},
	archivePrefix = "arXiv",
	eprint = {1103.3200},
	primaryClass = "astro-ph.CO",
	year = 2011,
	volume = 2011,
	doi = {10.5402/2011/725697},
	adsurl = {http://adsabs.harvard.edu/abs/2011ISRAA2011E...4S},
	adsnote = {Provided by the SAO/NASA Astrophysics Data System}
}
@article{penarrubia2015timing,
	title={A timing constraint on the (total) mass of the Large Magellanic Cloud},
	author={Pe{\~n}arrubia, Jorge and G{\'o}mez, Facundo A and Besla, Gurtina and Erkal, Denis and Ma, Yin-Zhe},
	journal={arXiv preprint arXiv:1507.03594},
	year={2015}
}

@article{wang2012missing,
	title={The missing massive satellites of the Milky Way},
	author={Wang, Jie and Frenk, Carlos S and Navarro, Julio F and Gao, Liang and Sawala, Till},
	journal={Monthly Notices of the Royal Astronomical Society},
	volume={424},
	number={4},
	pages={2715--2721},
	year={2012},
	publisher={Oxford University Press}
}

@article{kafle2014shoulders,
	title={On the Shoulders of Giants: Properties of the Stellar Halo and the Milky Way Mass Distribution},
	author={Kafle, Prajwal Raj and Sharma, Sanjib and Lewis, Geraint F and Bland-Hawthorn, Joss},
	journal={The Astrophysical Journal},
	volume={794},
	number={1},
	pages={59},
	year={2014},
	publisher={IOP Publishing}
}