@ARTICLE{2008MNRAS.384.1459L,
   author = {{Li}, Y.-S. and {White}, S.~D.~M.},
    title = "{Masses for the Local Group and the Milky Way}",
  journal = {\mnras},
archivePrefix = "arXiv",
   eprint = {0710.3740},
 keywords = {Galaxy: formation , galaxies: kinematics and dynamics , Local Group , dark matter},
     year = 2008,
    month = mar,
   volume = 384,
    pages = {1459-1468},
      doi = {10.1111/j.1365-2966.2007.12748.x},
   adsurl = {http://adsabs.harvard.edu/abs/2008MNRAS.384.1459L},
  adsnote = {Provided by the SAO/NASA Astrophysics Data System}
}

@ARTICLE{2011ISRAA2011E...4S,
   author = {{Seigar}, M.~S.},
    title = "{The Dark Matter Halo Density Profile, Spiral Arm Morphology, and Supermassive Black Hole Mass of M33}",
  journal = {ISRN Astronomy and Astrophysics, vol.~2011, id.\#725697},
archivePrefix = "arXiv",
   eprint = {1103.3200},
 primaryClass = "astro-ph.CO",
     year = 2011,
   volume = 2011,
      doi = {10.5402/2011/725697},
   adsurl = {http://adsabs.harvard.edu/abs/2011ISRAA2011E...4S},
  adsnote = {Provided by the SAO/NASA Astrophysics Data System}
}

@ARTICLE{2007ApJ...671.1640A,
   author = {{An}, D. and {Terndrup}, D.~M. and {Pinsonneault}, M.~H.},
    title = "{The Distances to Open Clusters from Main-Sequence Fitting. IV. Galactic Cepheids, the LMC, and the Local Distance Scale}",
  journal = {\apj},
archivePrefix = "arXiv",
   eprint = {0707.3144},
 keywords = {Stars: Variables: Cepheids, Cosmology: Distance Scale, Galaxies: Individual: Messier Number: M33, Galaxies: Individual: NGC Number: NGC 4258, Galaxies: Magellanic Clouds, Galaxy: Open Clusters and Associations: General, Stars: Distances},
     year = 2007,
    month = dec,
   volume = 671,
    pages = {1640-1668},
      doi = {10.1086/522304},
   adsurl = {http://adsabs.harvard.edu/abs/2007ApJ...671.1640A},
  adsnote = {Provided by the SAO/NASA Astrophysics Data System}
}


@ARTICLE{2011ApJ...738..144D,
   author = {{Davidge}, T.~J. and {Puzia}, T.~H.},
    title = "{The Stellar Archeology of the M33 Disk: Recent Star-forming History and Constraints on the Timing of an Interaction with M31}",
  journal = {\apj},
archivePrefix = "arXiv",
   eprint = {1107.0077},
 primaryClass = "astro-ph.CO",
 keywords = {galaxies: evolution, galaxies: individual: M33, galaxies: spiral},
     year = 2011,
    month = sep,
   volume = 738,
    pages = {144-+},
      doi = {10.1088/0004-637X/738/2/144},
   adsurl = {http://adsabs.harvard.edu/abs/2011ApJ...738..144D},
  adsnote = {Provided by the SAO/NASA Astrophysics Data System}
}

@ARTICLE{2010A&A...509A..70V,
   author = {{Vilardell}, F. and {Ribas}, I. and {Jordi}, C. and {Fitzpatrick}, E.~L. and 
	{Guinan}, E.~F.},
    title = "{The distance to the Andromeda galaxy from eclipsing binaries}",
  journal = {\aap},
archivePrefix = "arXiv",
   eprint = {0911.3391},
 primaryClass = "astro-ph.CO",
 keywords = {binaries: eclipsing, stars: fundamental parameters, stars: distances, distance scale, galaxies: individual: M 31},
     year = 2010,
    month = jan,
   volume = 509,
    pages = {A70+},
      doi = {10.1051/0004-6361/200913299},
   adsurl = {http://adsabs.harvard.edu/abs/2010A%26A...509A..70V},
  adsnote = {Provided by the SAO/NASA Astrophysics Data System}
}

@ARTICLE{2009MNRAS.397.1990B,
   author = {{Baiesi Pillastrini}, G.~C.},
    title = "{On the Andromeda to Milky Way mass ratio}",
  journal = {\mnras},
archivePrefix = "arXiv",
   eprint = {0905.1897},
 primaryClass = "astro-ph.CO",
 keywords = {galaxies: individual: Andromeda , galaxies: individual: Milky Way},
     year = 2009,
    month = aug,
   volume = 397,
    pages = {1990-1994},
      doi = {10.1111/j.1365-2966.2009.15109.x},
   adsurl = {http://adsabs.harvard.edu/abs/2009MNRAS.397.1990B},
  adsnote = {Provided by the SAO/NASA Astrophysics Data System}
}

@ARTICLE{2007A&A...470..843M,
   author = {{Magrini}, L. and {Corbelli}, E. and {Galli}, D.},
    title = "{The building up of the disk galaxy M{\thinsp}33 and the evolution of the metallicity gradient}",
  journal = {\aap},
archivePrefix = "arXiv",
   eprint = {0704.3187},
 keywords = {galaxies: abundances, galaxies: evolution, galaxies: individual: M 33},
     year = 2007,
    month = aug,
   volume = 470,
    pages = {843-855},
      doi = {10.1051/0004-6361:20077215},
   adsurl = {http://adsabs.harvard.edu/abs/2007A%26A...470..843M},
  adsnote = {Provided by the SAO/NASA Astrophysics Data System}
}

@ARTICLE{2006ApJ...652..313B,
   author = {{Bonanos}, A.~Z. and {Stanek}, K.~Z. and {Kudritzki}, R.~P. and 
	{Macri}, L.~M. and {Sasselov}, D.~D. and {Kaluzny}, J. and {Stetson}, P.~B. and 
	{Bersier}, D. and {Bresolin}, F. and {Matheson}, T. and {Mochejska}, B.~J. and 
	{Przybilla}, N. and {Szentgyorgyi}, A.~H. and {Tonry}, J. and 
	{Torres}, G.},
    title = "{The First DIRECT Distance Determination to a Detached Eclipsing Binary in M33}",
  journal = {\apj},
   eprint = {arXiv:astro-ph/0606279},
 keywords = {Stars: Binaries: Eclipsing, Stars: Binaries: Spectroscopic, Cosmology: Distance Scale, Galaxies: Individual: Messier Number: M33, Stars: Fundamental Parameters},
     year = 2006,
    month = nov,
   volume = 652,
    pages = {313-322},
      doi = {10.1086/508140},
   adsurl = {http://adsabs.harvard.edu/abs/2006ApJ...652..313B},
  adsnote = {Provided by the SAO/NASA Astrophysics Data System}
}

@ARTICLE{2004A&A...423..925G,
   author = {{Galleti}, S. and {Bellazzini}, M. and {Ferraro}, F.~R.},
    title = "{The distance of M 33 and the stellar population in its outskirts}",
  journal = {\aap},
   eprint = {arXiv:astro-ph/0405465},
 keywords = {galaxies: individual: M 33, galaxies: distances and redshifts},
     year = 2004,
    month = sep,
   volume = 423,
    pages = {925-934},
      doi = {10.1051/0004-6361:20040489},
   adsurl = {http://adsabs.harvard.edu/abs/2004A%26A...423..925G},
  adsnote = {Provided by the SAO/NASA Astrophysics Data System}
}


@PHDTHESIS{2001PhDT.......242M,
   author = {{Macri}, L.~M.},
    title = "{The extragalactic distance scale}",
   school = {Harvard University},
     year = 2001,
   adsurl = {http://adsabs.harvard.edu/abs/2001PhDT.......242M},
  adsnote = {Provided by the SAO/NASA Astrophysics Data System}
}



@ARTICLE{2009ApJ...704.1120U,
   author = {{U}, V. and {Urbaneja}, M.~A. and {Kudritzki}, R.-P. and {Jacobs}, B.~A. and 
	{Bresolin}, F. and {Przybilla}, N.},
    title = "{A New Distance to M33 Using Blue Supergiants and the FGLR Method}",
  journal = {\apj},
archivePrefix = "arXiv",
   eprint = {0909.0032},
 primaryClass = "astro-ph.CO",
 keywords = {galaxies: distances and redshifts, galaxies: individual: M33, stars: abundances, stars: early-type, supergiants},
     year = 2009,
    month = oct,
   volume = 704,
    pages = {1120-1134},
      doi = {10.1088/0004-637X/704/2/1120},
   adsurl = {http://adsabs.harvard.edu/abs/2009ApJ...704.1120U},
  adsnote = {Provided by the SAO/NASA Astrophysics Data System}
}

@ARTICLE{2008MNRAS.389.1911S,
   author = {{Seigar}, M.~S. and {Barth}, A.~J. and {Bullock}, J.~S.},
    title = "{A revised {$\Lambda$} CDM mass model for the Andromeda Galaxy}",
  journal = {\mnras},
   eprint = {arXiv:astro-ph/0612228},
 keywords = {galaxies: fundamental parameters , galaxies: haloes , galaxies: individual: M31 , galaxies: spiral , galaxies: structure , dark matter},
     year = 2008,
    month = oct,
   volume = 389,
    pages = {1911-1923},
      doi = {10.1111/j.1365-2966.2008.13732.x},
   adsurl = {http://adsabs.harvard.edu/abs/2008MNRAS.389.1911S},
  adsnote = {Provided by the SAO/NASA Astrophysics Data System}
}


@ARTICLE{2010A&A...523L...2A,
   author = {{Abdo}, A.~A. and {Ackermann}, M. and {Ajello}, M. and {Allafort}, A. and 
	{Atwood}, W.~B. and {Baldini}, L. and {Ballet}, J. and {Barbiellini}, G. and 
	{Bastieri}, D. and {Bechtol}, K. and {Bellazzini}, R. and {Berenji}, B. and 
	{Blandford}, R.~D. and {Bloom}, E.~D. and {Bonamente}, E. and 
	{Borgland}, A.~W. and {Bouvier}, A. and {Brandt}, T.~J. and 
	{Bregeon}, J. and {Brigida}, M. and {Bruel}, P. and {Buehler}, R. and 
	{Burnett}, T.~H. and {Buson}, S. and {Caliandro}, G.~A. and 
	{Cameron}, R.~A. and {Cannon}, A. and {Caraveo}, P.~A. and {Casandjian}, J.~M. and 
	{Cecchi}, C. and {{\c C}elik}, {\"O}. and {Charles}, E. and 
	{Chekhtman}, A. and {Chiang}, J. and {Ciprini}, S. and {Claus}, R. and 
	{Cohen-Tanugi}, J. and {Conrad}, J. and {Dermer}, C.~D. and 
	{de Angelis}, A. and {de Palma}, F. and {Digel}, S.~W. and {Silva}, E.~D.~C.~E. and 
	{Drell}, P.~S. and {Drlica-Wagner}, A. and {Dubois}, R. and 
	{Favuzzi}, C. and {Fegan}, S.~J. and {Fortin}, P. and {Frailis}, M. and 
	{Fukazawa}, Y. and {Funk}, S. and {Fusco}, P. and {Gargano}, F. and 
	{Germani}, S. and {Giglietto}, N. and {Giordano}, F. and {Giroletti}, M. and 
	{Glanzman}, T. and {Godfrey}, G. and {Grenier}, I.~A. and {Grondin}, M.-H. and 
	{Guiriec}, S. and {Gustafsson}, M. and {Hadasch}, D. and {Harding}, A.~K. and 
	{Hayashi}, K. and {Hayashida}, M. and {Hays}, E. and {Healey}, S.~E. and 
	{Jean}, P. and {J{\'o}hannesson}, G. and {Johnson}, A.~S. and 
	{Johnson}, R.~P. and {Johnson}, T.~J. and {Kamae}, T. and {Katagiri}, H. and 
	{Kataoka}, J. and {Kerr}, M. and {Kn{\"o}dlseder}, J. and {Kuss}, M. and 
	{Lande}, J. and {Latronico}, L. and {Lee}, S.-H. and {Lemoine-Goumard}, M. and 
	{Longo}, F. and {Loparco}, F. and {Lott}, B. and {Lovellette}, M.~N. and 
	{Lubrano}, P. and {Madejski}, G.~M. and {Makeev}, A. and {Martin}, P. and 
	{Mazziotta}, M.~N. and {Mehault}, J. and {Michelson}, P.~F. and 
	{Mitthumsiri}, W. and {Mizuno}, T. and {Moiseev}, A.~A. and 
	{Monte}, C. and {Monzani}, M.~E. and {Morselli}, A. and {Moskalenko}, I.~V. and 
	{Murgia}, S. and {Naumann-Godo}, M. and {Nolan}, P.~L. and {Norris}, J.~P. and 
	{Nuss}, E. and {Ohsugi}, T. and {Okumura}, A. and {Omodei}, N. and 
	{Orlando}, E. and {Ormes}, J.~F. and {Ozaki}, M. and {Paneque}, D. and 
	{Panetta}, J.~H. and {Parent}, D. and {Pepe}, M. and {Persic}, M. and 
	{Pesce-Rollins}, M. and {Piron}, F. and {Porter}, T.~A. and 
	{Rain{\`o}}, S. and {Rando}, R. and {Razzano}, M. and {Reimer}, A. and 
	{Reimer}, O. and {Ritz}, S. and {Romani}, R.~W. and {Sadrozinski}, H.~F.-W. and 
	{Saz Parkinson}, P.~M. and {Sgr{\`o}}, C. and {Siskind}, E.~J. and 
	{Smith}, D.~A. and {Smith}, P.~D. and {Spandre}, G. and {Spinelli}, P. and 
	{Strickman}, M.~S. and {Strigari}, L. and {Strong}, A.~W. and 
	{Suson}, D.~J. and {Takahashi}, H. and {Takahashi}, T. and {Tanaka}, T. and 
	{Thayer}, J.~B. and {Thompson}, D.~J. and {Tibaldo}, L. and 
	{Torres}, D.~F. and {Tosti}, G. and {Tramacere}, A. and {Uchiyama}, Y. and 
	{Usher}, T.~L. and {Vandenbroucke}, J. and {Vianello}, G. and 
	{Vilchez}, N. and {Vitale}, V. and {Waite}, A.~P. and {Wang}, P. and 
	{Winer}, B.~L. and {Wood}, K.~S. and {Yang}, Z. and {Ziegler}, M.
	},
    title = "{Fermi Large Area Telescope observations of Local Group galaxies: detection of M 31 and search for M 33}",
  journal = {\aap},
archivePrefix = "arXiv",
   eprint = {1012.1952},
 primaryClass = "astro-ph.HE",
 keywords = {Local Group, cosmic rays, gamma rays: galaxies},
     year = 2010,
    month = nov,
   volume = 523,
    pages = {L2+},
      doi = {10.1051/0004-6361/201015759},
   adsurl = {http://adsabs.harvard.edu/abs/2010A%26A...523L...2A},
  adsnote = {Provided by the SAO/NASA Astrophysics Data System}
}
@article{VdM08,
  title={M31 transverse velocity and local group mass from satellite kinematics},
  author={van der Marel, Roeland P and Guhathakurta, Puragra},
  journal={The Astrophysical Journal},
  volume={678},
  number={1},
  pages={187},
  year={2008},
  publisher={IOP Publishing}
}
@article{poleski2013,
  title={Transformation of the equatorial proper motion to the Galactic system},
  author={Poleski, Rados{\l}aw},
  journal={arXiv preprint arXiv:1306.2945},
  year={2013}
}
@article{vdm12m31,
  title={The M31 velocity vector. II. Radial orbit toward the milky way and implied local group mass},
  author={Van der Marel, Roeland P and Fardal, Mark and Besla, Gurtina and Beaton, Rachael L and Sohn, Sangmo Tony and Anderson, Jay and Brown, Tom and Guhathakurta, Puragra},
  journal={The Astrophysical Journal},
  volume={753},
  number={1},
  pages={8},
  year={2012},
  publisher={IOP Publishing}
}
@article{sunlsr,
  title={Local kinematics and the local standard of rest},
  author={Sch{\"o}nrich, Ralph and Binney, James and Dehnen, Walter},
  journal={Monthly Notices of the Royal Astronomical Society},
  volume={403},
  number={4},
  pages={1829--1833},
  year={2010},
  publisher={Oxford University Press}
}